<?xml version="1.0" encoding="UTF-8"?><record xmlns="http://www.loc.gov/MARC21/slim" xmlns:cinclude="http://apache.org/cocoon/include/1.0" xmlns:zs="http://www.loc.gov/zing/srw/">
  <leader>00550cz  a2200157n  4500</leader>
  <controlfield tag="001">n  86816205 </controlfield>
  <controlfield tag="003">DLC</controlfield>
  <controlfield tag="005">20000918193040.0</controlfield>
  <controlfield tag="008">860327nn acannaabn          |a aaa |||  </controlfield>
  <datafield tag="010" ind1=" " ind2=" ">
    <subfield code="a">n  86816205 </subfield>
  </datafield>
  <datafield tag="035" ind1=" " ind2=" ">
    <subfield code="a">(OCoLC)oca01539821</subfield>
  </datafield>
  <datafield tag="040" ind1=" " ind2=" ">
    <subfield code="a">DLC</subfield>
    <subfield code="b">eng</subfield>
    <subfield code="c">DLC</subfield>
    <subfield code="d">OCoLC</subfield>
  </datafield>
  <datafield tag="100" ind1="1" ind2=" ">
    <subfield code="a">Sah, Chih-han,</subfield>
    <subfield code="d">1934-</subfield>
  </datafield>
  <datafield tag="400" ind1="1" ind2=" ">
    <subfield code="a">Sah, C-H</subfield>
    <subfield code="q">(Chih-han),</subfield>
    <subfield code="d">1934-</subfield>
  </datafield>
  <datafield tag="670" ind1=" " ind2=" ">
    <subfield code="a">nuc86-9777: Author's Hilbert's third problem, c1979</subfield>
    <subfield code="b">(hdg. on LU rept.: Sah, Chih-han, 1934- ; usage: C-H Sah)</subfield>
  </datafield>
  <datafield tag="670" ind1=" " ind2=" ">
    <subfield code="a">LC data base, 3/27/86</subfield>
    <subfield code="b">(hdg.: Sah, Chih-han, 1934- ; usage: Chih-han Sah)</subfield>
  </datafield>
</record>